% Encoding: UTF-8

@InProceedings{paper,
  author    = {Ion Stoica and Robert Morris and Davide Karger and M. Frans Kaashoek and Hari Balakrishnan},
  title     = {Chord: A Scalable Peer-to-peer Lookup Service for Internet Applications},
  booktitle = {Proceedings of the SIGCOMM'01},
  year      = {2001},
}

@TechReport{report,
  author      = {Ion Stoica and Robert Morris and David Liben-Nowell and David R. Karger and M. Frans Kaashoek and Frank Dabek and Hari Balakrishnan},
  title       = {Chord: A Scalable Peer-to-peer Lookup Service for Internet Applications},
  institution = {TR-819,MIT LCS},
  year        = {2001},
}

@Comment{jabref-meta: databaseType:bibtex;}
